@manual{ICS,
  title = {{ICS}: Tools for Exploring Multivariate Data via {ICS/ICA}},
  author = {Klaus Nordhausen and Andreas Alfons and Aurore Archimbaud and Hannu Oja and Anne Ruiz-Gazen and David E. Tyler},
  year = {2023},
  note = {R package version~1.4-1},
  url = {https://CRAN.R-project.org/package=ICS}
}

@manual{ICSOutlier,
  title = {{ICSOutlier}: Outlier Detection Using Invariant Coordinate Selection},
  author = {Aurore Archimbaud and Klaus Nordhausen and Anne Ruiz-Gazen},
  year = {2018},
  note = {R package version~0.3-0},
  url = {https://CRAN.R-project.org/package=ICSOutlier}
}

@manual{ICSClust,
  title = {{ICSClust}: Tandem Clustering with Invariant Coordinate Selection},
  author = {Aurore Archimbaud and Andreas Alfons and Klaus Nordhausen and Anne Ruiz-Gazen},
  year = {2023},
  note = {R package version~0.1.0},
  url = {https://CRAN.R-project.org/package=ICSClust}
}

@manual{RCore,
  title = {{R}: A Language and Environment for Statistical Computing},
  author = {{R Core Team}},
  organization = {R Foundation for Statistical Computing},
  address = {Vienna, Austria},
  year = {2023},
  url = {https://www.R-project.org/}
}

@article{nordhausen2008,
  title = {Tools for Exploring Multivariate Data: The Package {ICS}},
  author = {Klaus Nordhausen and Hannu Oja and David E. Tyler},
  year = {2008},
  journal = {Journal of Statistical Software},
  volume = {28},
  number = {6},
  pages = {1--31},
  doi = {10.18637/jss.v028.i06}
}

@article{archimbaud2018,
  author = {Aurore Archimbaud and Klaus Nordhausen and Anne Ruiz-Gazen},
  title = {{ICSOutlier}: Unsupervised Outlier Detection for Low-Dimensional Contamination Structure},
  journal = {The R Journal},
  volume = {10},
  number = {1},
  pages = {234--250},
  year = {2018},
  doi = {10.32614/RJ-2018-034}
}

@article{archimbaud2023,
  title = {Numerical considerations and a new implementation for {ICS}},
  author = {Archimbaud, Aurore and Drma{\v{c}}, Zlatko and Nordhausen, Klaus and Radoji{\v{c}}i{\'c}, Una and Ruiz-Gazen, Anne},
  journal = {SIAM Journal on Mathematics of Data Science (SIMODS)},
  volume = {5},
  number = {1},
  pages = {97-121},
  year = {2023},
  doi = {10.1137/22M1498759}
}
